
@article{11162/116481,
  title = {Aho Hizkuntzaren Sustapena Haur Hezkuntzan},
  author = {S{\'a}nchez Guti{\'e}rrez, Elena and {S{\'a}ez del Castillo Moraza}, Mar{\'i}a Teresa and Arteaga Go{\~n}i, Guadalupe and {Ruiz de Garibay Garc{\'i}a}, Bego{\~n}a and Palomar V{\'a}zquez, Aurora and Villar Mata, M{\textordfeminine} Pilar},
  year = {1993},
  publisher = {{Vitoria-Gasteiz : Gobierno Vasco, Departamento de Educaci\'on, Universidades e Investigaci\'on, 1993}},
  url = {http://hdl.handle.net/11162/116481},
  annotation = {00000},
  keywords = {}
}

@inbook{abasoloTranskribatzeArauakEta2015,
  title = {{Transkribatze arauak eta transkripzio helburuak}},
  booktitle = {{Investigar en psicodid\'actica: una realidad en auge - Psikodidaktikako ikerketa  gorabidean}},
  author = {Abasolo, Juan},
  year = {2015},
  pages = {316--325},
  publisher = {{Argitarapen Zerbitzua, UPV/EHU}},
  address = {{Leioa}},
  annotation = {00000},
  collaborator = {Cruz, Jos{\'e} and D{\'i}az, Maravillas},
  copyright = {Creative Commons Attribution-NonCommercial-ShareAlike 4.0 International License (CC-BY-NC-SA)},
  file = {/home/juan/Zotero/storage/94JIRMM9/Abasolo_2015_Transkribatze arauak eta transkripzio helburuak.pdf},
  isbn = {978-84-9082-061-2},
  language = {eus}
}

@article{barrenaChomskyrenArauakEta1994,
  title = {{Chomskyren arauak eta hizkuntz jabekuntza}},
  author = {Barre{\~n}a, Andoni},
  year = {1994},
  month = jun,
  volume = {1994},
  pages = {25--31},
  annotation = {00000},
  file = {/home/juan/Zotero/storage/EXVCWP94/Barreña - Chomskyren arauak eta hizkuntz jabekuntza.pdf},
  journal = {Elhuyar aldizkaria},
  keywords = {2020,HD-HH},
  language = {eu}
}

@incollection{barrenaFonologiarenLexikoarenMorfologiaren2012,
  title = {{Fonologiaren, lexikoaren, morfologiaren eta sintaxiaren garapena haur euskaldunengan}},
  booktitle = {{Hizkuntzaz jabetzen (0-6)}},
  author = {Barre{\~n}a, Andoni},
  year = {2012},
  volume = {16},
  pages = {67--107},
  publisher = {{Mendebalde Kultura Alkartea}},
  address = {{Bilbo}},
  annotation = {00000},
  file = {/home/juan/Zotero/storage/PGT6IHE4/Barreña_2012_Fonologiaren, lexikoaren, morfologiaren eta sintaxiaren garapena haur.pdf},
  isbn = {978-84-15508-08-3},
  keywords = {2020,HD-HH},
  language = {eus},
  series = {{Jardunaldiak}}
}

@incollection{bigasLenguajeOralEscuela2000,
  title = {{El lenguaje oral en la escuela infantil}},
  booktitle = {{Did\'actica de la lengua en la educaci\'on infantil, 2000, ISBN 84-7738-799-0, p\'ags. 43-70}},
  author = {Bigas, Montserrat},
  year = {2000},
  pages = {43--70},
  publisher = {{S\'intesis}},
  annotation = {00099},
  chapter = {Did\'actica de la lengua en la educaci\'on infantil},
  file = {/home/juan/Zotero/storage/GRTUUQAY/articulo.html},
  isbn = {978-84-7738-799-2},
  keywords = {2020,HD-HH},
  language = {spa}
}

@incollection{campsHablarClaseAprender2005,
  title = {{Hablar en clase, aprender lengua}},
  booktitle = {{Hablar en clase : c\'omo trabajar la lengua oral en el centro escolar}},
  author = {Camps, Anna},
  year = {2005},
  pages = {37--44},
  publisher = {{Gra\'o}},
  annotation = {00140},
  chapter = {Hablar en clase : c\'omo trabajar la lengua oral en el centro escolar},
  file = {/home/juan/Zotero/storage/2GV5KS7N/articulo.html},
  isbn = {978-84-7827-376-8},
  keywords = {2020,HD-HH},
  language = {spa}
}

@book{correigDidacticaLenguaEducacion2001,
  title = {{Did\'actica de la lengua en la educaci\'on infantil}},
  author = {Correig, Montserrat and Bigas, Montserrat},
  year = {2001},
  publisher = {{Editorial S\'intesis}},
  address = {{Madrid}},
  annotation = {00253},
  isbn = {978-84-7738-799-2},
  language = {Espainiera},
  series = {{Did\'actica de la lengua y la literatura ; 3}}
}

@misc{deitchThreeRobbers1972,
  title = {The {{Three Robbers}}},
  author = {Deitch, Gene},
  year = {1972},
  publisher = {{Weston Woods Studios}},
  annotation = {00031  IMDb ID: tt1288493 event-location: USA},
  collaborator = {Ungerer, Tomi and Deitch, Gene and Deitch, Gene},
  keywords = {based on book,orphan,robber},
  language = {eng},
  type = {Animation, {{Short}}}
}

@incollection{dialnet-ART:2098672,
  title = {El Desarrollo de La Comunicaci\'on},
  booktitle = {Did\'actica de La Lengua En La Educaci\'on Infantil},
  author = {Guibourg, Isabel},
  year = {2000},
  edition = {First},
  pages = {13--42},
  publisher = {{S\'intesis}},
  annotation = {00001},
  isbn = {84-7738-799-0},
  keywords = {2020,HD-HH}
}

@incollection{equipodeeducacioninfantilyprimerciclodeprimariadelcpantzuolaNinosNinasInvestigadores2010,
  title = {{Ni\~nos y ni\~nas investigadores: \textquestiondown de qu\'e hablamos?}},
  shorttitle = {{Ni\~nos y ni\~nas investigadores}},
  booktitle = {{Los proyectos de trabajo en el aula: reflexiones y experiencias pr\'acticas}},
  author = {{Antzuolako HPko HH eta LHkotaldea}},
  year = {2010},
  pages = {29--42},
  publisher = {{Gra\'o}},
  address = {{Bartzelona}},
  annotation = {00000},
  chapter = {Los proyectos de trabajo en el aula: reflexiones y experiencias pr\'acticas},
  isbn = {978-980-251-234-8},
  keywords = {2020,HD-HH},
  language = {spa}
}

@misc{euskalirratitelebistaSomosCapacesDistinguir2017,
  title = {{`Somos capaces de distinguir la lengua materna y paterna desde el vientre'}},
  author = {{Euskal Irrati Telebista}},
  year = {2017},
  month = jun,
  publisher = {{EiTB}},
  address = {{Bilbao}},
  annotation = {00000},
  file = {/home/juan/Zotero/storage/RKFCSXLB/video-jon-andoni-dunabeitia-investigador-bcbl-aprendizaje-idiomas.html},
  journal = {AhoraETB},
  keywords = {2020,HD-HH},
  language = {es}
}

@article{euskojaurlaritzarenlegebiltzarra2372015Dekretua2015,
  title = {237/2015 {{Dekretua}}, Abenduaren 22koa, {{Haur Hezkuntzaren}} Curriculuma Zehaztu Eta {{Euskal Autonomia Erkidegoan}} Ezartzen Duena},
  author = {{Eusko Jaurlaritzaren Legebiltzarra}},
  year = {2015},
  month = dec,
  volume = {141},
  annotation = {00000},
  journal = {Euskal Herriko Agintaritzaren Aldizkaria},
  keywords = {2020,HD-HH}
}

@misc{fernandezHizkuntzaPatologiak2012,
  title = {{Hizkuntza patologiak}},
  author = {Fernandez, Beatriz},
  year = {2012},
  month = nov,
  annotation = {00000},
  keywords = {2020,HD-HH},
  language = {eus}
}

@misc{hickmanBabyItYou1994,
  title = {Baby It's You. {{Volume}} One, {{In}} the Beginning., {{First}} Steps},
  author = {Hickman, David and Klein, Leanne and Britain), Channel Four and Entertainment (Firm), Roadshow and Ltd, Wall to Wall Television and Networks, Discovery},
  year = {1994},
  publisher = {{[Australia] : Roadshow Entertainment}},
  annotation = {00000},
  language = {English}
}

@book{holzwarthBurukoHuraNork2019,
  title = {{Buruko hura nork egin zion jakin nahi zuen satortxoa}},
  author = {Holzwarth, Werner and Erlbruch, Wolf},
  year = {2019},
  publisher = {{Kalandraka}},
  address = {{Pontevedra}},
  annotation = {00000  OCLC: 1123158934},
  isbn = {978-84-95123-79-4},
  keywords = {2020,HD-HH},
  language = {Basque},
  translator = {Izagirre, Koldo}
}

@book{nunezKamilaZebra2013,
  title = {{Kamila zebra}},
  author = {N{\'u}{\~n}ez, Marisa and Vill{\'a}n, {\'O}scar},
  year = {2013},
  publisher = {{Kalandraka}},
  address = {{Pontevedra}},
  annotation = {00000  OCLC: 920299223},
  isbn = {978-84-8464-850-5},
  keywords = {2020,HD-HH},
  language = {Basque},
  translator = {Izagirre, Koldo}
}

@book{ruizbikandiBigarrenHizkuntzarenDidaktika2010,
  title = {{Bigarren hizkuntzaren didaktika Haur eta Lehen Hezkuntzan}},
  author = {Ruiz Bikandi, Uri and Igerabide, Juan Kruz},
  year = {2010},
  publisher = {{Universidad del Pa\'is Vasco}},
  annotation = {00000},
  isbn = {978-84-9860-316-3},
  language = {Espa\~nol},
  translator = {I{\~n}urrieta Labaien, I{\~n}aki}
}

@book{toughLenguajeOralEscuela1996,
  title = {{El lenguaje oral en la escuela: una guía de observación y actuación para el maestro}},
  shorttitle = {{El lenguaje oral en la escuela}},
  author = {Tough, Joan},
  year = {1996},
  edition = {[2a ed.].},
  publisher = {{Visor}},
  address = {{Madrid}},
  annotation = {00156},
  isbn = {978-84-7774-034-6},
  keywords = {2020,HD-HH},
  language = {Espainiera},
  number = {34},
  series = {{Aprendizaje}}
}

@book{ungererDreiRaeuber1961,
  title = {{Die drei R\"auber}},
  author = {Ungerer, Tomi},
  year = {1961},
  publisher = {{G. Lentz}},
  address = {{M\"unchen}},
  annotation = {00004},
  language = {German}
}

@book{ungererHiruBidelapurrak2016,
  title = {{Hiru bidelapurrak}},
  author = {Ungerer, Tomi},
  year = {2016},
  publisher = {{Kalandraka}},
  address = {{Pontevedra}},
  annotation = {00000  OCLC: 1123036142},
  isbn = {978-84-8464-621-1},
  keywords = {2020,HD-HH},
  language = {Basque},
  translator = {Izagirre, Koldo}
}


