
@article{11162/116481,
  title = {Aho Hizkuntzaren Sustapena Haur Hezkuntzan},
  author = {S{\'a}nchez Guti{\'e}rrez, Elena and {S{\'a}ez del Castillo Moraza}, Mar{\'i}a Teresa and Arteaga Go{\~n}i, Guadalupe and {Ruiz de Garibay Garc{\'i}a}, Bego{\~n}a and Palomar V{\'a}zquez, Aurora and Villar Mata, M{\textordfeminine} Pilar},
  year = {1993},
  publisher = {{Vitoria-Gasteiz : Gobierno Vasco, Departamento de Educaci\'on, Universidades e Investigaci\'on, 1993}},
  url = {http://hdl.handle.net/11162/116481},
  keywords = {⛔ No DOI found,desarrollo del lenguaje,desarrollo del niño,expresión oral,interacción,juego educativo,socialización,vocabulario}
}

@article{11162/149686,
  title = {Estimulaci\'on Del Lenguaje Oral En {{Educaci\'on Infantil}}},
  author = {{Gonzalo-Bilbao Fern{\'a}ndez}, Pedro Ignacio and {S{\'a}nchez-Guti{\'e}rrez}, Elena and Arteaga Go{\~n}i, Guadalupe and {Ruiz de Garibay Garc{\'i}a}, Bego{\~n}a and Palomar V{\'a}zquez, Aurora and Villar Mata, M{\textordfeminine} Pilar and {S{\'a}ez del Castillo Moraza}, Mar{\'i}a Teresa},
  year = {1993},
  publisher = {{Vitoria-Gasteiz : Gobierno Vasco, Departamento de Educaci\'on, Universidades e Investigaci\'on, 1993}},
  url = {http://hdl.handle.net/11162/149686},
  keywords = {⛔ No DOI found,desarrollo del lenguaje,desarrollo del niño,expresión oral,interacción,juego educativo,socialización,vocabulario}
}

@inbook{abasoloTranskribatzeArauakEta2015,
  title = {{Transkribatze arauak eta transkripzio helburuak}},
  booktitle = {{Investigar en psicodid\'actica: una realidad en auge - Psikodidaktikako ikerketa  gorabidean}},
  author = {Abasolo, Juan},
  year = {2015},
  pages = {316--325},
  publisher = {{Argitarapen Zerbitzua, UPV/EHU}},
  address = {{Leioa}},
  collaborator = {Cruz, Jos{\'e} and D{\'i}az, Maravillas},
  copyright = {Creative Commons Attribution-NonCommercial-ShareAlike 4.0 International License (CC-BY-NC-SA)},
  file = {/home/juan/Zotero/storage/94JIRMM9/Abasolo_2015_Transkribatze arauak eta transkripzio helburuak.pdf},
  isbn = {978-84-9082-061-2},
  language = {eus}
}

@article{barrenaChomskyrenArauakEta1994,
  title = {{Chomskyren arauak eta hizkuntz jabekuntza}},
  author = {Barre{\~n}a, Andoni},
  year = {1994},
  month = jun,
  volume = {1994},
  pages = {25--31},
  file = {/home/juan/Zotero/storage/EXVCWP94/Barreña - Chomskyren arauak eta hizkuntz jabekuntza.pdf},
  journal = {Elhuyar aldizkaria},
  language = {eu}
}

@misc{de2005eoegs,
  title = {{Propuesta de actividades para la estimulaci\'on del lenguaje oral en educaci\'on infantil}},
  author = {{Equipos de Orientaci\'on Educativa de Granada}},
  year = {2005},
  publisher = {{Junta de Andaluc\'ia}},
  language = {es}
}

@misc{hickmanBabyItYou1994,
  title = {Baby It's You. {{Volume}} One, {{In}} the Beginning., {{First}} Steps},
  author = {Hickman, David and Klein, Leanne and Britain), Channel Four and Entertainment (Firm), Roadshow and Ltd, Wall to Wall Television and Networks, Discovery},
  year = {1994},
  publisher = {{[Australia] : Roadshow Entertainment}},
  language = {English}
}

@misc{programadeestimulaciondellenguajeDiscriminacionFoneticaMemoria2010,
  title = {Discriminaci\'on {{Fon\'etica Y Memoria Auditiva}}},
  author = {{Programa de Estimulaci\'on dellenguaje}},
  year = {2010},
  publisher = {{Orientaci\'on Andujar}},
  file = {/home/juan/Zotero/storage/2C6HXBC7/DISCRIMINACIÓN-FONÉTICA-Y-MEMORIA-AUDITIVA-.pdf}
}

@book{ruizbikandiBigarrenHizkuntzarenDidaktika2010,
  title = {{Bigarren hizkuntzaren didaktika Haur eta Lehen Hezkuntzan}},
  author = {Ruiz Bikandi, Uri and Igerabide, Juan Kruz},
  year = {2010},
  month = jan,
  publisher = {{Universidad del Pa\'is Vasco}},
  isbn = {978-84-9860-316-3},
  language = {Espa\~nol},
  translator = {I{\~n}urrieta Labaien, I{\~n}aki}
}


